<record xmlns="http://www.loc.gov/MARC21/slim" xmlns:xsi="http://www.w3.org/2001/XMLSchema-instance" xsi:schemaLocation="http://www.loc.gov/MARC21/slim http://www.loc.gov/standards/marcxml/schema/MARC21slim.xsd"><leader>01970nam a2200337   4500</leader><controlfield tag="001">3072910</controlfield><controlfield tag="003">NNC</controlfield><controlfield tag="006">m        d        </controlfield><controlfield tag="007">cr cn |||m|||a</controlfield><controlfield tag="008">150110s1955    le abc  ode   000 0 ara d</controlfield><datafield ind1=" " ind2=" " tag="040"><subfield code="a">NNU</subfield><subfield code="b">eng</subfield><subfield code="c">NNU</subfield></datafield><datafield ind1=" " ind2="4" tag="050"><subfield code="a">AG90</subfield><subfield code="b">.A7 M22</subfield></datafield><datafield ind1="1" ind2="3" tag="245"><subfield code="6">880-01</subfield><subfield code="a">al-Mawsu&#772;&#699;a&#772;h al-&#699;Arabi&#772;yah</subfield><subfield code="h">[electronic resource] :</subfield><subfield code="b">marji&#699; yawmi&#772; lil-a&#772;da&#772;b wa-al-&#699;ulu&#772;m wa-al-funu&#772;n wa-al-ma&#699;lu&#772;ma&#772;t al-&#699;a&#772;mmah /</subfield><subfield code="c">wad&#803;a&#699;aha&#772; Albirt al-Ri&#772;h&#803;a&#772;ni&#772; wa-fari&#772;q min al-asa&#772;tidhah ; ra&#700;i&#772;s al-tah&#803;ri&#772;r, Naji&#772;b Franji&#772;yah.</subfield></datafield><datafield ind1=" " ind2=" " tag="250"><subfield code="6">880-02</subfield><subfield code="a">al-T&#803;ab&#699;ah 1.</subfield></datafield><datafield ind1=" " ind2=" " tag="260"><subfield code="6">880-03</subfield><subfield code="a">Bayru&#772;t :</subfield><subfield code="b">Da&#772;r Ri&#772;h&#803;a&#772;ni&#772; lil-T&#803;iba&#772;&#699;ah wa-al-Nashr,</subfield><subfield code="c">1955.</subfield></datafield><datafield ind1=" " ind2=" " tag="300"><subfield code="a">online resource (855 p.) :</subfield><subfield code="b">illus., maps, ports.</subfield></datafield><datafield ind1=" " ind2=" " tag="500"><subfield code="a">Part of the Arabic Collections Online (ACO) project, contributed by Columbia University Libraries.</subfield></datafield><datafield ind1=" " ind2=" " tag="533"><subfield code="a">Electronic reproduction.</subfield><subfield code="b">New York, N.Y. :</subfield><subfield code="c">New York University,</subfield><subfield code="d">2015.</subfield><subfield code="5">NNU</subfield></datafield><datafield ind1=" " ind2="0" tag="650"><subfield code="a">Encyclopedias and Dictionaries, Arabic.</subfield></datafield><datafield ind1=" " ind2="7" tag="650"><subfield code="a">Encyclopedias and dictionaries, Arabic.</subfield><subfield code="2">fast</subfield><subfield code="0">(OCoLC)fst00909551</subfield></datafield><datafield ind1="1" ind2=" " tag="700"><subfield code="6">880-04</subfield><subfield code="a">Ri&#772;h&#803;a&#772;ni&#772;, Albirt.</subfield></datafield><datafield ind1="2" ind2=" " tag="710"><subfield code="a">Columbia University.</subfield><subfield code="b">Libraries.</subfield></datafield><datafield ind1="0" ind2=" " tag="730"><subfield code="a">Arabic Collections Online.</subfield></datafield><datafield ind1="0" ind2="8" tag="776"><subfield code="i">Print version:</subfield><subfield code="t">al-Mawsu&#772;&#699;a&#772;h al-&#699;Arabi&#772;yah</subfield><subfield code="w">(NNC)3072910</subfield><subfield code="w">(OCoLC)172888102</subfield></datafield><datafield ind1="4" ind2="0" tag="856"><subfield code="u">http://hdl.handle.net/2333.1/b8gthw1v</subfield></datafield><datafield ind1="1" ind2="3" tag="880"><subfield code="6">245-01/r</subfield><subfield code="a">&#8207;&#1575;&#1604;&#1605;&#1608;&#1587;&#1608;&#1593;&#1577; &#1575;&#1604;&#1593;&#1585;&#1576;&#1610;&#1577; :&#8207;</subfield><subfield code="b">&#8207;&#1605;&#1585;&#1580;&#1593; &#1610;&#1608;&#1605;&#1609; &#1604;&#1604;&#1570;&#1583;&#1575;&#1576; &#1608;&#1575;&#1604;&#1593;&#1604;&#1608;&#1605; &#1608;&#1575;&#1604;&#1601;&#1606;&#1608;&#1606; &#1608;&#1575;&#1604;&#1593;&#1604;&#1608;&#1605;&#1575;&#1578; &#1575;&#1604;&#1593;&#1575;&#1605;&#1577; /&#8207;</subfield><subfield code="c">&#8207;&#1608;&#1590;&#1593;&#1607;&#1575; &#1571;&#1604;&#1576;&#1585;&#1578; &#1575;&#1604;&#1585;&#1610;&#1581;&#1575;&#1606;&#1609; &#1608;&#1601;&#1585;&#1610;&#1602; &#1605;&#1606; &#1575;&#1604;&#1571;&#1587;&#1575;&#1578;&#1584;&#1577; &#1563; &#1585;&#1574;&#1610;&#1587; &#1575;&#1604;&#1578;&#1581;&#1585;&#1610;&#1585; &#1606;&#1580;&#1610;&#1576; &#1601;&#1585;&#1606;&#1580;&#1610;&#1607;.</subfield></datafield><datafield ind1=" " ind2=" " tag="880"><subfield code="6">250-02/r</subfield><subfield code="a">&#8207;&#1575;&#1604;&#1591;&#1576;&#1593;&#1577; 1.</subfield></datafield><datafield ind1=" " ind2=" " tag="880"><subfield code="6">260-03/r</subfield><subfield code="a">&#1576;&#1610;&#1585;&#1608;&#1578; :&#8207;</subfield><subfield code="b">&#8207;&#1583;&#1575;&#1585; &#1575;&#1604;&#1610;&#1581;&#1575;&#1606;&#1610; &#1604;&#1604;&#1591;&#1576;&#1575;&#1593;&#1577; &#1608;&#1575;&#1604;&#1606;&#1588;&#1585;,&#8207;</subfield><subfield code="c">&#8207;1955.</subfield></datafield><datafield ind1="1" ind2=" " tag="880"><subfield code="6">700-04/r</subfield><subfield code="a">&#1585;&#1610;&#1581;&#1575;&#1606;&#1610;, &#1575;&#1604;&#1576;&#1585;&#1578;.</subfield></datafield><datafield ind1=" " ind2=" " tag="959"><subfield code="a">NNU</subfield><subfield code="b">WEB</subfield><subfield code="c">GENI</subfield><subfield code="t">0</subfield><subfield code="m">Electronic access</subfield><subfield code="s">01</subfield></datafield><datafield ind1=" " ind2=" " tag="999"><subfield code="i">NNC_3072910</subfield><subfield code="o">(OCoLC)ocn172888102</subfield></datafield></record>